<record><leader>00000cas a22000007a 4500</leader><controlfield tag="001">45381673</controlfield><controlfield tag="008">001117cuuuu9999nmuwr n       0   a0eng c</controlfield><datafield ind1=" " ind2=" " tag="010"><subfield code="a">   00213088 </subfield></datafield><datafield ind1=" " ind2=" " tag="040"><subfield code="a">NSD</subfield><subfield code="b">eng</subfield><subfield code="c">NSD</subfield><subfield code="d">OCLCQ</subfield></datafield><datafield ind1=" " ind2=" " tag="012"><subfield code="m">1</subfield></datafield><datafield ind1="1" ind2=" " tag="022"><subfield code="a">1532-5458</subfield><subfield code="l">1532-5458</subfield><subfield code="2">1</subfield></datafield><datafield ind1=" " ind2=" " tag="032"><subfield code="a">018209</subfield><subfield code="b">USPS</subfield></datafield><datafield ind1=" " ind2=" " tag="042"><subfield code="a">nsdp</subfield><subfield code="a">pcc</subfield></datafield><datafield ind1=" " ind2="4" tag="222"><subfield code="a">The independent Lordsburg liberal</subfield></datafield><datafield ind1="0" ind2="4" tag="245"><subfield code="a">The independent Lordsburg liberal.</subfield></datafield><datafield ind1=" " ind2=" " tag="260"><subfield code="a">Lordsburg, NM :</subfield><subfield code="b">Independent Lordsburg Liberal</subfield></datafield><datafield ind1=" " ind2=" " tag="300"><subfield code="a">v.</subfield></datafield><datafield ind1=" " ind2=" " tag="310"><subfield code="a">Weekly</subfield></datafield><datafield ind1=" " ind2=" " tag="588"><subfield code="a">Description based on: Vol. 2, issue 35 (Sept. 1, 2000).</subfield></datafield><datafield ind1=" " ind2=" " tag="752"><subfield code="a">United States.</subfield><subfield code="b">New Mexico</subfield><subfield code="c">Hidalgo</subfield><subfield code="d">Lordsburg.</subfield></datafield><datafield ind1="0" ind2="0" tag="780"><subfield code="t">Independent (Lordsburg, N.M.)</subfield><subfield code="x">1527-5752</subfield><subfield code="w">(DLC)sn 99009942</subfield></datafield><datafield ind1="1" ind2=" " tag="029"><subfield code="a">AU@</subfield><subfield code="b">000022104505</subfield></datafield></record>